<record xmlns="http://www.loc.gov/MARC21/slim">
  <leader>04000ccm a2200625Ia 4500</leader>
  <controlfield tag="001">u6076368</controlfield>
  <controlfield tag="003">SIRSI</controlfield>
  <controlfield tag="005">20130806114551.0</controlfield>
  <controlfield tag="008">030112s2012    ru syc   bhi   n    rus d</controlfield>
  <datafield tag="020" ind1=" " ind2=" ">
    <subfield code="a">9790706364421</subfield>
  </datafield>
  <datafield tag="024" ind1="2" ind2=" ">
    <subfield code="a">9790706364421</subfield>
  </datafield>
  <datafield tag="035" ind1=" " ind2=" ">
    <subfield code="a">(OCoLC)824849443</subfield>
  </datafield>
  <datafield tag="040" ind1=" " ind2=" ">
    <subfield code="a">UkOxU</subfield>
    <subfield code="b">eng</subfield>
    <subfield code="c">CUD</subfield>
    <subfield code="d">CIN</subfield>
    <subfield code="d">CUS</subfield>
    <subfield code="d">GUA</subfield>
    <subfield code="d">UKMGB</subfield>
    <subfield code="d">WTU</subfield>
    <subfield code="d">ZCU</subfield>
    <subfield code="d">UAT</subfield>
    <subfield code="d">WAU</subfield>
  </datafield>
  <datafield tag="041" ind1="0" ind2=" ">
    <subfield code="a">rus</subfield>
    <subfield code="g">rus</subfield>
    <subfield code="g">eng</subfield>
    <subfield code="m">rus</subfield>
  </datafield>
  <datafield tag="048" ind1=" " ind2=" ">
    <subfield code="b">va01</subfield>
    <subfield code="b">vf01</subfield>
    <subfield code="a">ka01</subfield>
  </datafield>
  <datafield tag="066" ind1=" " ind2=" ">
    <subfield code="c">(N</subfield>
  </datafield>
  <datafield tag="090" ind1=" " ind2=" ">
    <subfield code="a">M3</subfield>
    <subfield code="b">.S56 2001 v.29</subfield>
  </datafield>
  <datafield tag="100" ind1="1" ind2=" ">
    <subfield code="a">Shostakovich, Dmitriĭ Dmitrievich,</subfield>
    <subfield code="d">1906-1975.</subfield>
  </datafield>
  <datafield tag="240" ind1="1" ind2="0">
    <subfield code="a">Symphonies,</subfield>
    <subfield code="n">no. 14, op. 135.</subfield>
    <subfield code="s">Vocal score</subfield>
  </datafield>
  <datafield tag="245" ind1="1" ind2="0">
    <subfield code="6">880-01</subfield>
    <subfield code="a">Simfonii͡a no. 14 dli͡a soprano, basa i kamernogo orkestra : soch. 135 /</subfield>
    <subfield code="c">Dmitriĭ Shostakovich ; stikhi Federiko Garsia Lorki, Giĭoma Apollinera, Vilʹgelʹma Ki͡uelʹbekera i Raĭnera Marii Rilʹke ; perelozhenie avtora dli͡a penii͡a s fortepiano ; obshchai͡a redakt͡sii͡a Viktora Ekimovskogo ; poi͡asnitelʹnai͡a statʹi͡a Levoia Akopi͡aia.</subfield>
  </datafield>
  <datafield tag="260" ind1=" " ind2=" ">
    <subfield code="6">880-02</subfield>
    <subfield code="a">Moskva :</subfield>
    <subfield code="b">Izd-vo &quot;DSCH&quot;,</subfield>
    <subfield code="c">2012.</subfield>
  </datafield>
  <datafield tag="300" ind1=" " ind2=" ">
    <subfield code="a">1 vocal score (170 p.) :</subfield>
    <subfield code="b">col. facsims. ;</subfield>
    <subfield code="c">30 cm.</subfield>
  </datafield>
  <datafield tag="490" ind1="1" ind2=" ">
    <subfield code="a">Novoe sobranie sochineniĭ / Dmitriĭ Shostakovich ;</subfield>
    <subfield code="v">t. 29. Serii͡a I, Simfonii</subfield>
  </datafield>
  <datafield tag="500" ind1=" " ind2=" ">
    <subfield code="a">Acc. arr. for piano by the composer.</subfield>
  </datafield>
  <datafield tag="500" ind1=" " ind2=" ">
    <subfield code="a">Texts are poems by García Lorca, Apollinaire, Küchelbecker, and Rilke.</subfield>
  </datafield>
  <datafield tag="500" ind1=" " ind2=" ">
    <subfield code="a">Parallel series title on added t.p.: Symphonies.</subfield>
  </datafield>
  <datafield tag="500" ind1=" " ind2=" ">
    <subfield code="a">Historical and critical notes in Russian (Cyrillic text) with English translation, p. [97]-133.</subfield>
  </datafield>
  <datafield tag="500" ind1=" " ind2=" ">
    <subfield code="a">Includes facsimile of rough drafts of the symphony.</subfield>
  </datafield>
  <datafield tag="504" ind1=" " ind2=" ">
    <subfield code="a">Includes bibliographical references.</subfield>
  </datafield>
  <datafield tag="505" ind1="0" ind2=" ">
    <subfield code="a">De profundis -- Malageiʹi͡a = Malgueña -- Lorelei͡a = Die Lorelei -- Samoubii͡at͡sa = The suicide -- Nacheku = On watch -- Madam, posmotrite! = Madam, look! -- V ti͡urʹme sante = In the Santé jail -- Otvet Zaporozhskikh Kazakov Konstantinopolʹskomu Sultanu = Reply of the Zaprozhian Cossacks to the Sultan of Constantinople -- O Delʹvig, Delʹvig! = O Delvig, Delvig! -- Smertʹ poėta = Death of the poet -- Zalki͡ochenie = Conclusion.</subfield>
  </datafield>
  <datafield tag="546" ind1=" " ind2=" ">
    <subfield code="a">Russian words (Cyrillic and romanized).</subfield>
  </datafield>
  <datafield tag="600" ind1="1" ind2="0">
    <subfield code="a">García Lorca, Federico,</subfield>
    <subfield code="d">1898-1936</subfield>
    <subfield code="v">Musical settings.</subfield>
  </datafield>
  <datafield tag="600" ind1="1" ind2="0">
    <subfield code="a">Apollinaire, Guillaume,</subfield>
    <subfield code="d">1880-1918</subfield>
    <subfield code="v">Musical settings.</subfield>
  </datafield>
  <datafield tag="600" ind1="1" ind2="0">
    <subfield code="a">Ki͡ukhelʹbeker, V. K.</subfield>
    <subfield code="q">(Vilʹgelʹm Karlovich),</subfield>
    <subfield code="d">1797-1846</subfield>
    <subfield code="v">Musical settings.</subfield>
  </datafield>
  <datafield tag="600" ind1="1" ind2="0">
    <subfield code="a">Rilke, Rainer Maria,</subfield>
    <subfield code="d">1875-1926</subfield>
    <subfield code="v">Musical settings.</subfield>
  </datafield>
  <datafield tag="650" ind1=" " ind2="0">
    <subfield code="a">Symphonies</subfield>
    <subfield code="v">Vocal scores with piano.</subfield>
  </datafield>
  <datafield tag="650" ind1=" " ind2="0">
    <subfield code="a">Song cycles.</subfield>
  </datafield>
  <datafield tag="650" ind1=" " ind2="0">
    <subfield code="a">Songs (High voice) with chamber orchestra</subfield>
    <subfield code="v">Vocal scores with piano.</subfield>
  </datafield>
  <datafield tag="650" ind1=" " ind2="0">
    <subfield code="a">Songs (Low voice) with chamber orchestra</subfield>
    <subfield code="v">Vocal scores with piano.</subfield>
  </datafield>
  <datafield tag="650" ind1=" " ind2="0">
    <subfield code="a">Vocal duets with chamber orchestra</subfield>
    <subfield code="v">Vocal scores with piano.</subfield>
  </datafield>
  <datafield tag="700" ind1="1" ind2=" ">
    <subfield code="a">García Lorca, Federico,</subfield>
    <subfield code="d">1898-1936.</subfield>
  </datafield>
  <datafield tag="700" ind1="1" ind2=" ">
    <subfield code="a">Apollinaire, Guillaume,</subfield>
    <subfield code="d">1880-1918.</subfield>
  </datafield>
  <datafield tag="700" ind1="1" ind2=" ">
    <subfield code="a">Ki͡ukhelʹbeker, V. K.</subfield>
    <subfield code="q">(Vilʹgelʹm Karlovich),</subfield>
    <subfield code="d">1797-1846.</subfield>
  </datafield>
  <datafield tag="700" ind1="1" ind2=" ">
    <subfield code="a">Rilke, Rainer Maria,</subfield>
    <subfield code="d">1875-1926.</subfield>
  </datafield>
  <datafield tag="700" ind1="1" ind2=" ">
    <subfield code="a">Ekimovskiĭ, V.</subfield>
    <subfield code="q">(Viktor),</subfield>
    <subfield code="d">1947-</subfield>
    <subfield code="e">editor.</subfield>
  </datafield>
  <datafield tag="700" ind1="1" ind2=" ">
    <subfield code="a">Akopi͡an, L. O.,</subfield>
    <subfield code="d">1953-,</subfield>
    <subfield code="e">writer of accompanying material.</subfield>
  </datafield>
  <datafield tag="800" ind1="1" ind2=" ">
    <subfield code="a">Shostakovich, Dmitriĭ Dmitrievich,</subfield>
    <subfield code="d">1906-1975.</subfield>
    <subfield code="t">Works.</subfield>
    <subfield code="f">2001 ;</subfield>
    <subfield code="v">t. 29.</subfield>
  </datafield>
  <datafield tag="800" ind1="1" ind2=" ">
    <subfield code="a">Shostakovich, Dmitriĭ Dmitrievich,</subfield>
    <subfield code="d">1906-1975.</subfield>
    <subfield code="t">Symphonies (New collected works)</subfield>
  </datafield>
  <datafield tag="880" ind1="1" ind2="0">
    <subfield code="6">245-01/(N</subfield>
    <subfield code="a">Симфония но. 14 для сопрано, баса и камерного оркестра : соч. 135 /</subfield>
    <subfield code="c">[Дмитрий Шостаковичщ ; стихи Федерико Гарсиа Лорки, Гийома Аполлинера, Вильгельма Кюельбекера и Райнера Марии Рильке ; переложение автора для пения с фортепиано ; общая редакция Виктора Екимовского ; пояснительная статья Левоиа Акопяиа.</subfield>
  </datafield>
  <datafield tag="880" ind1=" " ind2=" ">
    <subfield code="6">260-02/(N</subfield>
    <subfield code="a">Москва :</subfield>
    <subfield code="b">Изд-во &quot;дсцх,&quot;</subfield>
    <subfield code="c">2012.</subfield>
  </datafield>
  <datafield tag="880" ind1="1" ind2=" ">
    <subfield code="6">490-00/(N</subfield>
    <subfield code="a">Новое собрание сочинений / Дмитрий Шостакович ;</subfield>
    <subfield code="v">т. 29. Серия и, Симфонии</subfield>
  </datafield>
  <datafield tag="994" ind1=" " ind2=" ">
    <subfield code="a">Z0</subfield>
    <subfield code="b">VA@</subfield>
  </datafield>
  <datafield tag="596" ind1=" " ind2=" ">
    <subfield code="a">12</subfield>
  </datafield>
  <datafield tag="999" ind1=" " ind2=" ">
    <subfield code="a">M3 .S56 2001 v.29</subfield>
    <subfield code="w">LC</subfield>
    <subfield code="c">1</subfield>
    <subfield code="i">X031610823</subfield>
    <subfield code="d">8/27/2013</subfield>
    <subfield code="e">8/13/2013</subfield>
    <subfield code="l">STACKS</subfield>
    <subfield code="m">MUSIC</subfield>
    <subfield code="r">N</subfield>
    <subfield code="s">Y</subfield>
    <subfield code="t">MUSCORE-NC</subfield>
    <subfield code="u">6/7/2013</subfield>
    <subfield code="x">MEMBERCOPY</subfield>
  </datafield>
</record>
